@book{mackay2003information,
  title={Information theory, inference and learning algorithms},
  author={David JC Mac Kay},
  year={2003},
  publisher={Cambridge university press}
}

@book{james2013introduction,
  title={An introduction to statistical learning},
  author={James, Gareth and Witten, Daniela and Hastie, Trevor and Tibshirani, Robert},
  volume={112},
  year={2013},
  publisher={Springer}
}

@article{sebhatu2020explaining,
  title={Explaining the homogeneous diffusion of COVID-19 nonpharmaceutical interventions across heterogeneous countries},
  author={Sebhatu, Abiel and Wennberg, Karl and Arora-Jonsson, Stefan and Lindberg, Staffan I},
  journal={Proceedings of the National Academy of Sciences},
  year={2020},
  publisher={National Acad Sciences}
}

@article{skorka2020macroecology,
  title={The macroecology of the COVID-19 pandemic in the Anthropocene},
  author={Sk{\'o}rka, Piotr and Grzywacz, Beata and Moro{\'n}, Dawid and Lenda, Magdalena},
  journal={PloS one},
  volume={15},
  number={7},
  pages={e0236856},
  year={2020},
  publisher={Public Library of Science San Francisco, CA USA}
}

@article{block2020social,
  title={Social network-based distancing strategies to flatten the COVID-19 curve in a post-lockdown world},
  author={Block, Per and Hoffman, Marion and Raabe, Isabel J and Dowd, Jennifer Beam and Rahal, Charles and Kashyap, Ridhi and Mills, Melinda C},
  journal={Nature Human Behaviour},
  pages={1--9},
  year={2020},
  publisher={Nature Publishing Group}
}