@book{mackay2003information,
  title={Information theory, inference and learning algorithms},
  author={David JC Mac Kay},
  year={2003},
  publisher={Cambridge university press}
}

@book{james2013introduction,
  title={An introduction to statistical learning},
  author={James, Gareth and Witten, Daniela and Hastie, Trevor and Tibshirani, Robert},
  volume={112},
  year={2013},
  publisher={Springer}
}

@article{sebhatu2020explaining,
  title={Explaining the homogeneous diffusion of COVID-19 nonpharmaceutical interventions across heterogeneous countries},
  author={Sebhatu, Abiel and Wennberg, Karl and Arora-Jonsson, Stefan and Lindberg, Staffan I},
  journal={Proceedings of the National Academy of Sciences},
  year={2020},
  publisher={National Acad Sciences}
}

@article{skorka2020macroecology,
  title={The macroecology of the COVID-19 pandemic in the Anthropocene},
  author={Sk{\'o}rka, Piotr and Grzywacz, Beata and Moro{\'n}, Dawid and Lenda, Magdalena},
  journal={PloS one},
  volume={15},
  number={7},
  pages={e0236856},
  year={2020},
  publisher={Public Library of Science San Francisco, CA USA}
}

@article{block2020social,
  title={Social network-based distancing strategies to flatten the COVID-19 curve in a post-lockdown world},
  author={Block, Per and Hoffman, Marion and Raabe, Isabel J and Dowd, Jennifer Beam and Rahal, Charles and Kashyap, Ridhi and Mills, Melinda C},
  journal={Nature Human Behaviour},
  pages={1--9},
  year={2020},
  publisher={Nature Publishing Group}
}

@MISC{github-protezionecivile,
author = {Protezione Civile},
howpublished={\url{https://github.com/pcm-dpc/COVID-19}}
}

@MISC{ISTAT,
author = {Istituto nazionale di Statistica (ISTAT)},
howpublished={\url{https://www.istat.it/it/dati-analisi-e-prodotti/banche-dati/statbase}}
}

@article{kraemer2020effect,
  title={The effect of human mobility and control measures on the COVID-19 epidemic in China},
  author={Kraemer, Moritz UG and Yang, Chia-Hung and Gutierrez, Bernardo and Wu, Chieh-Hsi and Klein, Brennan and Pigott, David M and Du Plessis, Louis and Faria, Nuno R and Li, Ruoran and Hanage, William P and Brownstein, John S. and Layan, Maylis and Vespignani, Alessandro and Tian, Huaiyu and Dye, Christopher and Pybus, Oliver G. and Scarpino, Samuel V.},
  journal={Science},
  volume={368},
  number={6490},
  pages={493--497},
  year={2020},
  publisher={American Association for the Advancement of Science}
}


@article{lloyd2001viruses,
  title={How viruses spread among computers and people},
  author={Lloyd, Alun L and May, Robert M},
  journal={Science},
  volume={292},
  number={5520},
  pages={1316--1317},
  year={2001},
  publisher={American Association for the Advancement of Science}
}

@MISC{MEF,
author = {Ministero dell'Economia e delle Finanze},
howpublished={\url{https://www.idealista.it/news/finanza/economia/2019/04/02/130615-la-mappa-del-reddito-pro-capite-nelle-province-italiane}},
year={2019}
}

@MISC{AnnuarioSSN2017,
author = {Ministero della salute},
howpublished={\url{http://www.salute.gov.it/portale/documentazione/p6_2_2_1.jsp?lingua=italiano&id=2879}},
year={2017}
}

@MISC{LeaDesc,
author = {Ministero della salute},
howpublished={\url{http://www.salute.gov.it/portale/lea/dettaglioContenutiLea.jsp?lingua=italiano&id=1300&area=Lea&menu=leaEssn}},
}

@MISC{LeaRank,
author = {Ministero della salute},
howpublished={\url{http://www.salute.gov.it/portale/lea/dettaglioContenutiLea.jsp?lingua=italiano&id=4747&area=Lea&menu=monitoraggioLea}},
}

@MISC{whoCases,
author = {World Health Organization},
howpublished={\url{https://covid19.who.int/table}},
}

@MISC{worldBank,
author = {World Bank},
howpublished={\url{https://data.worldbank.org/indicator}},
}


@MISC{whoUHC,
author = {World Helth Organization},
howpublished={\url{https://www.who.int/data/gho/indicator-metadata-registry/imr-details/4834}},
}

@MISC{whoDb,
author = {World Helth Organization},
howpublished={\url{https://www.who.int/data/gho}},
}

@article{SARSlesson,
    author = {Peeri, Noah C and Shrestha, Nistha and Rahman, Md Siddikur and Zaki, Rafdzah and Tan, Zhengqi and Bibi, Saana and Baghbanzadeh, Mahdi and Aghamohammadi, Nasrin and Zhang, Wenyi and Haque, Ubydul},
    title = "{The SARS, MERS and novel coronavirus (COVID-19) epidemics, the newest and biggest global health threats: what lessons have we learned ?}",
    journal = {International Journal of Epidemiology},
    volume = {49},
    number = {3},
    pages = {717-726},
    year = {2020},
    month = {02},
    issn = {0300-5771},
    doi = {10.1093/ije/dyaa033},
    url = {https://doi.org/10.1093/ije/dyaa033},
    eprint = {https://academic.oup.com/ije/article-pdf/49/3/717/33556370/dyaa033.pdf},
}


@article{weyers2008low,
  title={Low socio-economic position is associated with poor social networks and social support: results from the Heinz Nixdorf Recall Study},
  author={Weyers, Simone and Dragano, Nico and M{\"o}bus, Susanne and Beck, Eva-Maria and Stang, Andreas and M{\"o}hlenkamp, Stephan and J{\"o}ckel, Karl Heinz and Erbel, Raimund and Siegrist, Johannes},
  journal={International Journal for Equity in Health},
  volume={7},
  number={1},
  pages={13},
  year={2008},
  publisher={Springer}
}

@article{gangemi2020rich,
  title={Rich at risk: socio-economic drivers of COVID-19 pandemic spread},
  author={Gangemi, Sebastiano and Billeci, Lucia and Tonacci, Alessandro},
  journal={Clinical and Molecular Allergy},
  volume={18},
  number={1},
  pages={1--3},
  year={2020},
  publisher={Springer}
}

@book{world2010hidden,
  title={Hidden cities: unmasking and overcoming health inequities in urban settings},
  author={World Health Organization. Centre for Health Development and World Health Organization},
  year={2010},
  publisher={World Health Organization}
}

@article{neiderud2015urbanization,
  title={How urbanization affects the epidemiology of emerging infectious diseases},
  author={Neiderud, Carl-Johan},
  journal={Infection ecology \& epidemiology},
  volume={5},
  number={1},
  pages={27060},
  year={2015},
  publisher={Taylor \& Francis}
}

@article{zimmer2009historical,
  title={Historical perspectiveâ€”emergence of influenza A (H1N1) viruses},
  author={Zimmer, Shanta M and Burke, Donald S},
  journal={New England Journal of Medicine},
  volume={361},
  number={3},
  pages={279--285},
  year={2009},
  publisher={Mass Medical Soc}
}

@MISC{24plus,
author = {Roberto Galullo and Angelo Mincuzzi},
howpublished={\url{https://24plus.ilsole24ore.com/art/ADMIadK}},
}

@misc{contini2020does,
  title={Does Air Pollution Influence COVID-19 Outbreaks ?},
  author={Contini, Daniele and Costabile, Francesca},
  year={2020},
  publisher={Multidisciplinary Digital Publishing Institute}
}

